
@misc{wickham_tidyverse:_2017,
	title = {tidyverse: {Easily} {Install} and {Load} the '{Tidyverse}'},
	url = {https://CRAN.R-project.org/package=tidyverse},
	author = {Wickham, Hadley},
	year = {2017}
}

@misc{duncan_temple_lang_and_the_cran_team_xml:_2018,
	title = {{XML}: {Tools} for {Parsing} and {Generating} {XML} {Within} {R} and {S}-{Plus}},
	url = {https://CRAN.R-project.org/package=XML},
	author = {Duncan Temple Lang {and} the CRAN Team},
	year = {2018}
}

@misc{wickham_xml2:_2018,
	title = {xml2: {Parse} {XML}},
	url = {https://CRAN.R-project.org/package=xml2},
	author = {Wickham, Hadley and Hester, James and Ooms, Jeroen},
	year = {2018}
}

@article{grolemund_dates_2011,
	title = {Dates and {Times} {Made} {Easy} with lubridate},
	volume = {40},
	url = {http://www.jstatsoft.org/v40/i03/},
	number = {3},
	journal = {Journal of Statistical Software},
	author = {Grolemund, Garrett and Wickham, Hadley},
	year = {2011},
	pages = {1--25}
}

@misc{wickham_scales:_2018,
	title = {scales: {Scale} {Functions} for {Visualization}},
	url = {https://CRAN.R-project.org/package=scales},
	author = {Wickham, Hadley},
	year = {2018}
}

@misc{neuwirth_rcolorbrewer:_2014,
	title = {{RColorBrewer}: {ColorBrewer} {Palettes}},
	url = {https://CRAN.R-project.org/package=RColorBrewer},
	author = {Neuwirth, Erich},
	year = {2014}
}

@misc{caddigan_genderguesser:_nodate,
	title = {{GenderGuesser}: {Guess} the gender of a name},
	author = {Caddigan, Eamon}
}

@misc{khun_caret:_2018,
	address = {R package version 6.0-81},
	title = {caret: {Classification} and {Regression} {Training}},
	url = {https://CRAN.R-project.org/package=caret},
	author = {Khun, Max},
	collaborator = {Wing, Jed and Weston, Steve and Williams, Andre and Keefer, Chris and Engelhardt, Allan and Cooper, Tony and Mayer, Zachary and Kenkel, Brenton and R Core Team and Benesty, Michael and Lescarbeau, Reynald and Ziem, Andrew and Scrucca, Luca and Tang, Yuan and Candan, Can and Hunt, Tyler},
	year = {2018}
}