#Add paper referencees using bibtex format. This is a useful tool where
# you can insert the paper's DOI number and get the bibtex:
#
#	http://www.doi2bib.org/
#

@article{hengel_publishing_2017
  url = https://doi.org/10.17863/cam.17548,
  doi = {10.17863/cam.17548},
  author = {Hengel,  E.},
  title = {Publishing while Female. Are women held to higher standards? Evidence from peer review.},
  publisher = {Apollo - University of Cambridge Repository},
  year = {2017}
}

